2934 4718
677 475 919 542 ..20-

302 665 413 739 ducit.
475 666 561 736 Post
588 665 818 744 Wolclrerum
848 667 1016 740 Mttllems
1056 671 1095 740 in
1122 672 1295 743 horibus

302 787 340 858 Ρ.
354 792 377 856 Ι.
404 811 440 882 p.
452 784 536 859 384.
562 814 647 884 sqq.
694 787 857 884 Chrysen
882 805 918 860 ot
942 781 1178 888 Iphigeniam
1193 819 1296 864 soro-
1375 799 1381 802 ’

304 935 361 982 res
385 910 590 1005 eademque
614 925 740 980 natura
766 911 873 982 luisse
886 922 941 984 ‘ao
958 915 1111 986 Dianam
1129 907 1295 987 Orthiam

300 1053 363 1103 seu
388 1033 575 1103 Tauricam
603 1033 748 1128 scribit5
786 1059 944 1128 quorum
978 1037 1189 1132 religionem
1229 1065 1297 1110 nu-

302 1154 444 1224 minum
469 1153 623 1250 proprie
648 1152 799 1246 quidem
827 1155 1051 1249 Arcadium,
1075 1181 1116 1227 ex
1144 1156 1295 1228 rlrcadia

301 1289 423 1346 autem
449 1275 612 1346 tralatam
650 1275 687 1344 in
714 1274 891 1346 Lemnum
916 1278 1044 1372 ibique
1069 1281 1296 1349 immutatam

301 1421 389 1467 esse.
435 1397 535 1468 Idam
562 1422 703 1469 rursum
731 1399 862 1470 similia
887 1400 1024 1495 profert
1050 1403 1088 1472 in
1114 1402 1234 1472 Eisoh.
1262 1415 1298 1470 et

302 1519 415 1590 Gruh.
441 1520 729 1616 Enoyclopaedia
759 1521 952 1592 universali
990 1524 1083 1597 Soet.
1103 1527 1161 1592 ΙΙΙ.
1196 1525 1234 1594 Ρ.
1253 1523 1296 1594 Χ.
1339 1538 1341 1542 ’

294 1641 342 1712 in
366 1666 399 1712 v.
418 1635 720 1722 'Pallas-'Athene
744 1651 774 1724 §.
791 1647 870 1736 33„
898 1645 967 1715 nisi
991 1646 1094 1741 quod
1117 1646 1298 1720 istic-non

302 1777 375 1836 tam
402 1766 555 1837 Dianam
563 1769 577 1859 ,“
608 1791 719 1862 quam
741 1765 944 1839 Minervam
966 1766 1017 1837 da
1039 1765 1174 1864 Chryse
1199 1766 1295 1840 lacit.

222 1899 228 1916 ⁸
304 1887 440 1958 Horum
456 1887 596 1959 Mulleri
622 1902 918 1960 commentorum
943 1889 1170 1961 hermannus
1186 1881 1297 1959 Prae-

304 2009 363 2080 lat.
391 2010 476 2081 edit.
504 2035 574 2082 seo.
589 2010 743 2080 Philoct·
770 2035 807 2104 p.
821 2013 880 2082 26.
897 2035 980 2105 sqq.
1008 2033 1197 2082 consuram
1214 2036 1299 2107 per-

305 2134 378 2229 egit
402 2133 732 2223 accuratissimam
756 2133 835 2226 ipse
865 2134 1063 2205 novissime
1094 2135 1168 2206 hoo
1194 2135 1298 2204 colli·-

303 2260 409 2353 gens,
438 2253 602 2351 Chrysen
627 2254 813 2351 quandam
843 2257 938 2329 circa
963 2257 1141 2329 Lemnum
1168 2257 1299 2348 divinis
1339 2303 1341 2308 -
1455 2318 1456 2337 ,

305 2378 512 2450 honoribus
539 2376 669 2446 cultam
699 2377 932 2472 quorundam
953 2375 1103 2471 quidem
1123 2375 1300 2470 opinione

307 2499 505 2572 Minervam
531 2498 643 2569 risam
670 2523 767 2594 esse3
794 2523 905 2595 quam
933 2494 1113 2592 Chrysen,
1140 2496 1168 2566 si
1196 2496 1302 2567 alicui

309 2621 399 2695 (leae
425 2621 475 2692 ita
501 2621 547 2692 sit
571 2621 721 2716 similis,
741 2635 783 2692 ut
800 2619 975 2693 conlundi
1002 2643 1086 2691 cum
1112 2642 1154 2690 ea
1169 2631 1302 2714 potue-

310 2745 378 2834 rit,
405 2737 484 2812 oam
513 2744 619 2816 deam
649 2764 723 2814 esse
739 2745 903 2814 Dianam.
941 2737 1124 2816 Enarratis
1151 2743 1223 2814 iam
1242 2739 1304 2812 vad

311 2865 592 2937 riis'hominum
627 2863 922 2936 doctissimorum
959 2865 1121 2933 eiusdem
1156 2865 1209 2934 rei
1243 2885 1303 2931 ex-

306 2988 582 3086 planationibus
605 2984 989 3080 manilestorapparess
1017 3007 1128 3078 quam
1156 2981 1303 3053 difficile

311 3112 356 3181 sit
381 3111 448 3179 rati
470 3109 634 3201 certique
661 3107 801 3202 aliquid
828 3106 874 3178 de
903 3107 1053 3178 numine
1076 3107 1137 3177 illo
1166 3105 1305 3200 afferre,

313 3231 419 3328 quale
445 3217 595 3300 tandem
625 3225 747 3320 luerit,
772 3228 931 3298 Minerva
958 3253 1003 3298 an
1030 3229 1099 3299 alia
1122 3253 1196 3325 qua
1223 3229 1303 3321 dea,

313 3354 447 3448 quihus
473 3373 515 3420 ea
531 3351 724 3420 virtutihus
745 3349 917 3420 instructa
942 3364 979 3419 et
996 3349 1202 3420 cuiusmodi
1215 3385 1216 3389 ¹
1229 3351 1304 3419 eius

313 3474 428 3544 cultus
454 3469 570 3540 fuerit.
621 3471 672 3542 Ac
696 3495 813 3567 paene
838 3471 993 3567 despero
1027 3495 1068 3542 ea
1099 3469 1146 3542 de
1172 3495 1211 3542 re
1233 3493 1304 3540 un-

217 3619 225 3640 *
303 3613 444 3689 uuam,
479 3591 582 3688 quod
611 3607 764 3663 cettum·
785 3593 854 3686 sit,
888 3592 1097 3692 indagatum
1124 3595 1191 3663 iri:
1229 3601 1302 3658 tam

311 3739 430 3810 pauca
453 3727 611 3807 veteres,
638 3739 752 3812 quum
776 3715 844 3810 ipsi
869 3717 942 3788 iam
969 3712 1162 3812 Sophoclis
1188 3725 1303 3783 aetate

311 3861 433 3908 reram
455 3837 555 3908 istius
577 3837 667 3908 ‹loao
680 3852 898 3934 potestatam
918 3853 954 3908 et
970 3837 1183 3932 (lignitatem
1199 3835 1304 3934 igno·

310 3958 485 4050 raverint,
519 3958 665 4028 dehoc
689 3960 840 4030 numine
867 3959 1067 4028 memoriae
1093 3957 1301 4055 prodidere.

312 4081 385 4156 seu
401 4095 524 4152 tamen
548 4069 789 4150 coniectando
805 4101 899 4174 quae
914 4077 992 4173 ipse
1012 4077 1189 4149 invenisse
1212 4075 1303 4147 mihi
