2934 4718
545 468 909 534 .·-22-.

292 651 499 752 praesidem
524 669 563 726 et
586 655 793 753 largitorem
823 658 861 728 in
887 657 1060 749 metallis,
1094 682 1189 753 quae
1212 658 1286 730 inte

295 763 552 870 instituebant,
587 779 774 854 habebant
795 791 1056 862 consecratam.
1107 781 1200 850 Hine
1224 805 1284 850 exa

293 900 406 994 plices
430 889 589 992 inflasse,
613 923 728 995 quum
755 902 794 971 in
809 903 937 996 priscis
953 896 1114 996 ξοάνοις,
1138 911 1286 974 auetore

296 1017 485 1110 Welekero
517 1008 622 1112 lje,
658 1021 750 1090 nihil
780 1020 889 1092 inane
909 1023 971 1109 :sit
1000 1035 1036 1094 et
1069 1036 1207 1096 temere
1235 1024 1286 1094 fa-

297 1153 417 1232 ctum,
443 1165 556 1237 quase
582 1142 792 1238 inpietatis
818 1141 970 1239 Chnyses
990 1145 1110 1240 imago
1137 1147 1288 1216 brachia

299 1263 434 1336 habeat
459 1278 628 1358 extensa,
665 1265 712 1336 ad
747 1266 901 1338 modum
924 1268 1101 1364 Ephesiae
1135 1269 1289 1342 Dianae}

301 1399 385 1460 sunt
410 1387 509 1458 enim
533 1388 683 1458 brachia
715 1413 918 1483 manusque
954 1403 1098 1460 extensa
1131 1391 1169 1460 in
1196 1390 1291 1460 anti-

303 1509 475 1601 quissima
505 1521 581 1578 arte
613 1511 821 1604 symbolum
848 1503 1079 1606 benignitatis
1109 1525 1146 1582 et
1169 1509 1292 1582 mnni-

303 1627 471 1706 ficentiae
508 1644 657 1700 naturae
675 1611 729 1713 ἀ4).
779 1633 1041 1702 Hinecoaona
1075 1633 1224 1704 radians
1255 1633 1293 1702 in

306 1752 424 1846 eapite
450 1749 540 1822 deae
561 1750 627 1842 ²⁵),
654 1751 741 1836 hinc
767 1753 806 1824 in
832 1751 973 1843 tunica,
997 1776 1070 1847 qua
1084 1751 1213 1823 induta
1230 1761 1296 1843 est,

309 1886 542 1967 ornamenta,
575 1874 734 1946 stellulae
757 1887 793 1942 et
811 1874 972 1969 globuli3
1007 1897 1116 1966 aurea
1140 1875 1298 1967 seilicet,

306 2007 348 2064 ut
376 1995 453 2080 anri
479 1995 619 2064 numini
652 1994 872 2064 conveniens
903 2007 967 2062 est
1013 1992 1132 2089 Atque
1159 1998 1298 2094 egregie

308 2116 383 2197 hnc
404 2115 488 2189 facit
512 2113 688 2188 wetsten
725 2115 878 2210 opini0‚·
909 2113 1051 2186 firmata
1076 2115 1216 2192 Malleri
1243 2141 1301 2186 as-
1402 2191 1406 2199 ,

310 2262 439 2328 sensu,
464 2237 654 2308 oculorum
679 2236 870 2308 ferocitate
891 2235 998 2307 deam
1022 2236 1214 2332 significavi
1229 2239 1301 2308 hu-

309 2383 434 2430 manas
459 2359 595 2428 hostias
621 2362 831 2453 cupi-entem
850 2363 908 2446 μθ).
942 2361 1029 2432 Nam
1054 2359 1298 2453 quemadmo-

309 2479 398 2552 dum
424 2479 525 2551 rudis
541 2523 543 2527 ⁴
561 2493 597 2551 et
627 2482 774 2552 inseitus
808 2486 965 2580 populus
997 2507 1039 2552 ex
1074 2493 1201 2552 natura
1235 2505 1298 2556 sna

312 2603 423 2678 deum
448 2604 585 2703 fingere
608 2608 716 2705 eique
742 2610 914 2703 virtutes,
941 2608 1105 2702 affectus,
1129 2608 1215 2679 vitia
1233 2605 1300 2676 tri-

310 2727 424 2798 buere
451 2729 560 2822 solet3
596 2730 645 2800 ita
670 2729 820 2822 sintice,
853 2730 953 2801 ferox
978 2745 1014 2802 et
1040 2744 1141 2805 atrox
1167 2729 1298 2826 pirata·

310 2873 392 2920 rum
420 2851 544 2944 natio,
577 2852 654 2922 anri
688 2877 826 2922 numen
851 2875 955 2921 snum
983 2852 1091 2946 digna
1117 2873 1207 2924 aiano
1235 2853 1301 2920 ἀν-

312 2967 475 3070 τίδωρα,
504 2999 655 3069 poscere
680 2973 851 3044 homines
878 2995 944 3068 pro
973 2971 1128 3044 victimis
1164 2971 1301 3060 immo-

311 3093 463 3184 landos,
499 3095 665 3163 arbitrari
707 3107 917 3188 potnerunt.
975 3083 1082 3164 Secia
1120 3091 1301 3164 eiusmodi

311 3216 442 3288 ineolis
477 3214 587 3285 maris
629 3217 774 3308 Aegaei.
803 3218 999 3287 insularum
1040 3217 1170 3286 usitata
1199 3215 1301 3284 'otim

309 3336 416 3408 fuisse
441 3338 509 3407 lae.
536 3337 710 3431 Bryantus
736 3335 775 3404 in
801 3335 923 3404 libello
951 3333 997 3404 de
1021 3333 1205 3404 sacrifieiis
1231 3333 1302 3400 hn-

309 3457 428 3529 manis
456 3467 616 3526 veterum
638 3462 682 3540 ¹²7)
710 3455 837 3548 doeet3
871 3478 914 3525 ac
954 3453 1001 3524 de
1038 3453 1116 3551 ipsa
1150 3452 1300 3550 quidem

309 3575 446 3646 Lemno
471 3570 639 3645 distinete
665 3574 738 3645 hoc
762 3573 914 3646 tradunt
941 3558 1146 3671 Stephanus
1157 3575 1302 3670 ‘Byzan'

308 3695 380 3766 tius
401 3695 441 3766 in
466 3719 498 3767 v.
525 3688 670 3787 Λῆμνος
695 3696 894 3782 (Hecataeo
922 3710 1087 3789 auctore,
1112 3709 1154 3766 nt
1175 3695 1303 3766 Mntle-

306 3837 369 3892 rus
403 3816 574 3912 opinatae
607 3819 782 3890 Orchom.
821 3845 859 3916 p·
886 3823 993 3904 310.)
1035 3831 1073 3888 et
1103 3817 1302 3890 Sosierates
1400 3823 1405 3832 “

309 3937 408 4032 apud
435 3940 659 4033 Fulgentinm
685 3942 814 4037 Expos.
839 3965 998 4012 sermon.
1026 3940 1141 4035 antiq.
1165 3966 1201 4035 p.
1217 3945 1300 4010 770.

310 4057 367 4132 ed.
395 4059 530 4134 Staver.
582 4053 723 4163 Minyae
752 4077 874 4136 etitem
906 4085 1019 4158 quum
1051 4062 1180 4133 Iasone
1209 4060 1303 4133 duee
