2934 4718
879 221 899 263 ir

692 452 938 522 -16-

319 646 439 739 risset,
464 645 615 732 sactum,
639 660 681 718 nt
700 645 752 718 -de
773 641 946 743 peculiari
964 645 1077 717 etiam
1098 644 1220 742 aliquo
1239 671 1309 717 nu·

320 771 432 840 mine‘
448 771 521 840 sive
547 771 713 866 nympha
734 772 1010 866 intelligereturt·
1034 771 1132 840 nihii
1153 770 1309 840 enimin

319 893 545 987 mythologie
570 894 781 964 sollemnius
802 907 905 984 ease,
939 915 1048 986 quam
1080 907 1121 962 ut
1154 891 1309 962 deorum

320 1012 516 1085 dearumve
533 1016 752 1110 cognomina
771 1015 979 1089 transierint
1000 1015 1040 1087 in
1055 1015 1187 1086 heroas
1204 1039 1311 1110 nymf

320 1136 512 1230 phasque5
532 1148 577 1202 et·
599 1135 665 1204 ita·
682 1134 819 1204 tabutas
849 1159 870 1204 a
900 1135 1054 1214 deornm
1082 1135 1226 1204 iliorum
1252 1135 1314 1204 hi-

321 1259 433 1328 storia
466 1240 652 1340 distinctas
684 1260 768 1328 eum
799 1254 929 1358 iisdem
961 1272 1085 1329 tamen
1112 1256 1187 1330 sere
1217 1281 1312 1328 con·

320 1381 460 1450 iunctas
484 1380 722 1474 procrearint„
755 1378 853 1450 Alios
879 1379 950 1450 iam
971 1403 1109 1451 nomen
1128 1381 1223 1450 illius
1242 1405 1312 1452 nu-

320 1503 449 1594 minis,
473 1500 635 1594 Chrysen
643 1521 661 1594 ,·
680 1525 701 1572 a
720 1487 849 1596 χρυσῷ
871 1500 1015 1574 duxisse
1041 1500 1141 1596 inde,
1166 1497 1313 1599 opinor,
1385 1588 1389 1596 Ι

321 1622 565 1718 colligendum
582 1627 664 1716 est,
690 1624 794 1720 quod
818 1625 1023 1697 Eustathins
1049 1625 1096 1697 ad
1121 1627 1156 1697 tt
1182 1621 1310 1720 β,71ί1.

320 1743 599 1817 etSchoiiastes
621 1743 668 1816 ad
691 1753 825 1819 nter.
848 1752 1012 1844 Χρυσῆς,
1045 1775 1123 1821 non
1147 1747 1313 1840 Χρύσης,

321 1867 552 1960 scripserunt
578 1868 652 1939 Sed
674 1871 873 1965 quominus
894 1871 1189 1943 hoeButt'manni
1212 1893 1316 1940 oom-

322 1981 488 2058 inentum
517 1991 736 2082 probemm,
761 1989 983 2082 faciuntea,
1010 2013 1105 2083 quae
1130 1993 1316 2063 verissime

321 2107 549 2179 Hermanuus
583 2107 721 2178 obiecit
750 2107 800 2180 ad
833 2108 988 2180 Phiioet.
1021 2105 1102 2180 194.
1142 2125 1178 2181 et
1206 2119 1313 2186 1327.

323 2230 455 2316 (addas
494 2228 655 2301 eiusdem
695 2230 847 2303 Praefat.
888 2230 975 2301 edit.
1012 2253 1083 2300 sec.
1117 2254 1153 2324 p.
1174 2235 1234 2302 25.
1279 2245 1315 2300 et

321 2353 548 2424 Wunderum
562 2380 598 2448 p.
615 2353 707 2444 11.)3
733 2354 867 2445 quibus
888 2352 994 2418 simul
1006 2349 1191 2438 refutatur,
1209 2349 1312 2440 qnod

323 2495 365 2542 ex
387 2496 453 2544 suo
480 2471 691 2544 commento
719 2467 961 2540 concludebat
979 2469 1232 2561 Buttmannus,
1255 2469 1313 2538 io·

324 2617 428 2688 eum,
450 2595 594 2690 inquo
620 2595 800 2666 coleretur
817 2617 972 2686 numen,
997 2593 1043 2663 ab
1069 2592 1131 2662 ilio
1149 2592 1313 2687 epitheto
1442 2623 1443 2651 i

275 2770 278 2778 ,
321 2717 550 2787 nominatum
577 2716 695 2788 trisse.
743 2717 860 2785 lmmo
885 2739 971 2785 vero
994 2712 1151 2810 Chrysae
1166 2713 1314 2788 ¹insulae

323 2860 344 2907 a
368 2840 508 2932 χρυσῷ,
533 2850 679 2934 reperto
706 2833 781 2914 illio
804 2833 1027 2923 antiquitus,
1053 2858 1191 2904 nornen
1217 2835 1316 2906 ind-i·

323 2973 413 3030 turn
465 2961 602 3029 Aurum
628 2952 727 3052 apud
754 2952 911 3022 Graecos
944 2951 1018 3020 iam
1054 2953 1317 3048 antiquissimis

323 3083 552 3179 temporibus
577 3073 838 3148 creberrimum
871 3092 1158 3166 acmaguopere
1185 3072 1224 3142 in
1248 3097 1316 3146 usu

324 3206 408 3298 fnit,
434 3213 581 3273 auctore
598 3196 735 3267 Millino
761 3195 798 3263 in
814 3194 1045 3289 Mineralogia
1061 3195 1253 3266 Homerica
1273 3197 1315 3282 18)
1364 3245 1366 3250 ·

325 3355 362 3425 p.
393 3328 475 3397 169.
528 3318 628 3390 cont
653 3315 811 3388 Boeckh.
847 3313 894 3384 de
923 3314 1198 3410 argentifodinis
1223 3315 1315 3386 Lau·

327 3451 390 3521 riis
417 3449 457 3518 in
484 3445 580 3516 Actis
601 3442 728 3513 histor.
763 3439 939 3534 philolog.
967 3436 1182 3508 Academiae
1208 3437 1314 3508 litter.

327 3573 470 3643 Borus's.
498 3591 551 3639 aa·
571 3561 822 3638 tetii-1815.
849 3562 958 3656 pot.
985 3585 1040 3655 sq.
1092 3558 1191 3631 Idem
1211 3561 1317 3631 Milli·-

253 3667 262 3690 *
329 3717 397 3766 nus
421 3687 551 3787 piat.
578 3685 1044 3759 etBoeckhinsOeconom.
1073 3683 1172 3777 publ.
1187 3683 1315 3752 Athen.
1438 3763 1439 3776 χ

329 3817 407 3890 Vol.
423 3820 448 3882 I.
474 3839 510 3910 p.
526 3819 558 3884 7.
586 3824 741 3882 monent
765 3806 914 3878 aurariis
940 3819 975 3875 et
1000 3806 1209 3898 argentariis
1235 3805 1318 3876 'me'-
1438 3817 1439 3824 ’

329 3939 423 4009 taliis
445 3935 642 4030 praecipue
662 3931 835 4038 Thraciae
859 3927 1024 4023 regiones
1050 3924 1178 3997 divites
1200 3927 1318 4016 fuisse,

332 4060 371 4133 id
397 4057 500 4157 quod
524 4056 634 4126 etiem
669 4053 715 4124 de
748 4049 872 4124 insulis
895 4047 1068 4123 Thraciae
1101 4047 1319 4146 propinquis
