2934 4718
135 1284 139 1296 ’
190 1203 438 1344 ·¹CAROLUS
466 1258 796 1367 BERTHOLDUS,
817 1255 1138 1333 HEINRICHIUS
1236 1310 1242 1326 ,

194 1454 197 1462 ’
361 1453 511 1528 AEQUO
532 1453 588 1512 ΕΤ
606 1438 798 1513 ERUDITO
822 1447 1000 1510 LECTORI

658 1599 695 1671 S.

182 1905 282 2002 Non
307 1932 497 2022 inutilem,
529 1928 669 2000 erudite
698 1927 844 2020 Lector,
871 1951 938 1998 neo
962 1949 1175 2023 supervaca-

186 2089 290 2138 neam
317 2063 514 2156 suscepisse
547 2061 639 2158 mihi
672 2083 822 2155 operam
858 2056 1005 2151 videor,
1040 2084 1176 2154 quum,

183 2198 261 2266 viro
288 2216 451 2281 summo,
477 2189 609 2282 Casoto
637 2191 811 2277 Farnrarco
838 2190 1048 2279 Harnarcnro,
1074 2201 1177 2282 patre

184 2328 313 2412 beatae
345 2320 546 2392 memoriae
588 2333 698 2412 meo,
739 2342 885 2392 suasore
918 2315 1106 2412 quondam
1142 2333 1178 2392 et

173 2421 356 2546 auctore,
390 2451 436 2522 de
468 2451 539 2522 situ
564 2447 716 2546 Chryses
741 2451 878 2524 insulae
904 2449 941 2520 in
967 2449 1178 2521 Philoctetis

185 2586 304 2660 tabula
326 2583 448 2678 deque
475 2581 656 2671 numinis,
688 2568 867 2674 quodibi
892 2582 1001 2652 altare
1028 2580 1177 2672 dedica-

182 2731 262 2786 tum
289 2713 476 2801 habebat,
512 2711 608 2784 cultu
634 2723 719 2805 post
743 2710 857 2782 varias
882 2708 1176 2780 doctissimorum
1269 2769 1270 2774 ,

184 2843 378 2914 hominum
412 2839 458 2911 dc
492 2838 620 2910 cadem
646 2864 685 2910 re
712 2841 943 2934 quaestiones
969 2839 1092 2911 denuo
1119 2841 1177 2912 in·
1261 2871 1265 2875 ·

184 2974 368 3068 quirerem
395 2983 450 3061 ct,
476 2991 570 3063 quae
594 2967 687 3040 inde‘
705 2969 907 3060 effecerim,
931 2961 1177 3064 qualicunque

183 3101 304 3171 studio
337 3123 422 3172 meo
449 3067 666 3166 concinnata
699 3097 898 3196 proferrem
934 3099 973 3171 in
999 3098 1173 3172 medium.

183 3230 272 3301 Nam
298 3231 383 3300 licet
409 3252 490 3298 oum
518 3229 576 3298 alii
605 3228 753 3321 cruditi,
774 3243 852 3300 tum
882 3231 1061 3325 imprimis
1082 3230 1175 3301 Phil.

185 3363 426 3434 Buttmanuus
443 3330 489 3434 ad
500 3361 690 3456 Sophoclis
702 3359 939 3431 Philocteter'n
957 3385 993 3459 p.
1010 3363 1068 3432 57.
1079 3384 1176 3457 sqq,
1268 3379 1275 3386 ·

184 3489 468 3562 Equnderus
494 3490 540 3562 ad
567 3489 721 3560 candem
746 3491 970 3586 tragoediam
996 3518 1032 3587 p.
1043 3495 1077 3563 6.
1092 3517 1173 3586 sqq.
1259 3513 1262 3517 ’

185 3643 227 3689 ac
250 3618 446 3688 novissime
478 3622 551 3690 hoo
577 3622 657 3714 ipso
692 3645 788 3708 anno
817 3620 858 3690 G.
886 3623 1112 3693 Hermannus
1138 3622 1175 3693 in

184 3749 412 3822 Praefatione
448 3749 627 3822 secundae
654 3749 864 3822 Philoctetis
901 3751 1071 3822 editionis
1106 3752 1175 3822 hac

184 3878 231 3949 de
257 3905 296 3948 re
322 3881 475 3953 multum
503 3877 737 3974 disputarint,
770 3879 882 3978 idquc
910 3884 1068 3980 egregie,
1093 3897 1175 3954 tan-

181 4023 259 4084 tum
295 4023 418 4084 tamen
455 4013 577 4108 abest,
614 4025 755 4084 utrem
789 4014 839 4086 illi
870 4014 977 4113 plane
1010 4015 1174 4088 absolve-
