2934 4718
524 500 605 571 ..‘···
655 471 702 536 aa
754 417 836 516 -'

122 653 123 660 ἵ
189 661 366 734 adversus.
383 659 563 751 Colchos,
587 661 691 752 sive,·
706 675 747 732 ut
769 655 954 730 nonnullis
984 660 1102 754 placet
1121 657 1180 752 ²⁸),

187 783 452 880 Chersonesum
474 781 675 876 Tauricam,
702 781 973 878 proficiscentes
997 781 1176 852 Lemnum

187 907 371 976 venissent
388 911 434 990 ²9)
455 920 567 1002 atque
591 906 762 976 eLemno
775 903 954 999 Chrysen,
981 903 1058 986 auri
1077 901 1176 974 haud

187 1025 299 1106 dubie
332 1028 447 1120 sama,
483 1027 589 1124 quod
623 1028 676 1099 ibi
712 1021 960 1123 reperiretur,
1000 1028 1176 1098 commoti

117 1205 128 1232 ,
168 1149 311 1244 liquidi
337 1151 435 1222 enim
470 1151 583 1248 magis
617 1151 847 1247 quaerebant
877 1149 1104 1244 Argonautae
1138 1127 1187 1220 iu¹

137 1337 140 1345 .
188 1270 421 1366 expeditione
455 1298 519 1344 sua
553 1271 729 1370 iungendi
762 1295 845 1342 cum
873 1270 1038 1340 barbaris
1072 1297 1176 1357 eom-

186 1363 313 1464 me'rcii
341 1419 447 1465 causa
472 1409 657 1488 suscepta,
683 1419 794 1490 quam
810 1393 961 1464 aurumi)
980 1392 1043 1478 30);
1069 1392 1175 1464 deam
1283 1467 1290 1480 ,

94 1601 101 1614 ⁸
185 1515 283 1586 hanc
303 1515 496 1586 barbaram
524 1515 753 1608 Graeciilli,
790 1539 832 1584 ex
856 1539 961 1588 more
995 1539 1060 1588 suo
1087 1515 1177 1585 alie-

189 1637 340 1732 nigenas
374 1637 462 1708 deos
488 1638 535 1709 ad
560 1663 644 1709 suos
668 1637 869 1730 referendi,
907 1653 990 1707 cum
1021 1661 1083 1706 sua
1110 1638 1178 1706 Mi-

188 1787 307 1838 nerva.
323 1774 572 1855 comparatam
599 1740 881 1850 commiscuere,
906 1759 979 1828 sire
1002 1755 1177 1827 aurifodi-

185 1907 250 1957 nas
269 1883 470 1974 Minervae,
500 1893 628 1977 utpote
654 1881 815 1976 parentis
839 1879 1005 1955 omnium
1032 1878 1175 1970 artium,
1204 1922 1207 1930 κ

188 2005 296 2074 etiam
323 1989 375 2075 rei
401 2005 603 2076 metallicae
620 2001 686 2096 3¹),
716 2006 856 2076 tutelae
880 2005 1103 2100 assignarunt
1119 2000 1177 2093 32·),

186 2126 259 2197 sive
291 2128 495 2196 aurum-in
529 2127 607 2204 illis,
629 2125 764 2196 fodinis
794 2123 952 2194 solidum
988 2123 1175 2192 inventum

185 2248 237 2317 sie
260 2260 517 2342 perpurgatum
544 2248 593 2316 ab
616 2247 742 2316 alienis
776 2269 818 2324 ac
843 2243 1056 2314 fabricatum
1077 2243 1177 2312 alli·
1292 2237 1294 2244 ‘

185 2388 295 2438 nerva
331 2365 481 2460 Ἐργάνη
514 2364 757 2436 crediderunt.
818 2363 903 2454 Quo
926 2363 1100 2466 lactum,
1135 2379 1178 2434 nt

183 2485 334 2584 Chryse,
363 2513 456 2584 quae
483 2490 665 2582 peculiare
690 2487 806 2560 luerat
832 2511 991 2579 numen,
1015 2487 1177 2558 Minerva

181 2610 366 2704 perhibita
397 2611 576 2679 coleretur
601 2607 743 2686 Ἀθηνᾶ
769 2604 897 2701 Χρύση
917 2607 982 2698 3³),
998 2670 1003 2678 ,
1021 2631 1091 2678 nec
1113 2601 1174 2680 so-

182 2732 261 2800 lum
288 2753 309 2799 a
333 2729 481 2822 Minyis,
513 2735 637 2798 verum
665 2729 777 2800 abiis
803 2753 976 2824 quoque,
1003 2730 1067 2824 qui
1093 2730 1178 2826 p'ost

35 2827 38 2831 Ι
84 2911 87 2916 .
125 2848 128 2857 ’
182 2850 523 2948 MinyasLemnurn
550 2850 785 2952 obsederunt,
807 2877 827 2921 a
852 2852 1007 2947 Pelasgis
1018 2852 1176 2946 Tyrrhe*

183 2973 240 3044 nis
266 2989 302 3044 et
327 2977 373 3045 ab
386 2975 667 3044 Atheniensibus
686 2981 742 3064 34).
783 2974 911 3043 Merito
939 2975 1049 3068 igitur
1071 2975 1176 3052 lason

184 3094 297 3164 altare
320 3097 370 3164 illi
396 3096 559 3185 numini,
578 3107 687 3186 septo
713 3094 1041 3192 abagrofinitimo
1069 3119 1175 3191 sepa-

85 3259 87 3262 ·
184 3227 302 3283 ratum
326 3213 392 3307 35),Ι
417 3213 602 3308 exstruxit3
635 3239 722 3286 nam
749 3195 930 3286 Minervae
952 3230 999 3308 et
1023 3219 1176 3288 consilio

186 3347 223 3404 et
245 3335 379 3408 auxilio
408 3335 678 3432 expeditionem
702 3363 803 3407 suam
830 3338 1020 3432 ipsamque
1045 3359 1174 3409 navem

117 3517 121 3524 .
184 3473 383 3550 paraverat.
432 3461 515 3532 Mox
545 3461 736 3552 llercnles,
770 3460 871 3530 euius
903 3460 990 3530 item
1015 3459 1176 3530 Minerva

187 3591 362 3674 perpetua
399 3605 545 3673 comes,
571 3596 622 3652 .ut
640 3598 645 3605 ’
663 3583 740 3652 eius
775 3608 887 3677 opera
920 3584 959 3651 in
996 3579 1176 3648 Heracleis

188 3699 312 3782 omnia
336 3711 435 3795 gesta
457 3699 627 3772 diurntur
644 3700 712 3792 ³⁶),
738 3701 785 3770 ad
809 3701 945 3770 lasonis
970 3700 1176 3795 exemplum

187 3823 286 3889 sacra
312 3823 486 3894 instaurat
510 3821 669 3915 ibidem,
695 3836 829 3917 etpost
844 3824 1033 3895 Herculem
1048 3823 1175 3894 Gracci

187 3937 333 4012 Troiam
361 3954 524 4036 petentes
559 3941 713 4014 eandem
748 3967 846 4031 aram
874 3943 1028 4016 ducente
1051 3946 1177 4016 Philo-

141 4081 142 4084 ’
192 4073 285 4134 etue
321 4075 511 4156 quaerunt.
551 4063 667 4156 lam,
698 4089 813 4159 quum
850 4063 1070 4145 destinatum
1104 4065 1177 4134 sato
